% This file was created with JabRef 2.3.1.
% Encoding: UTF-8

@BOOK{recommender2011,
  title = {{Recommender Systems An Introduction}},
  publisher = {Cambridge University Press},
  year = {2011},
  author = {Jannach, Dietmar and Zanker, Markus and Felfernig, Alexander and Friedrich, Gerhard},
}

@INPROCEEDINGS{claypool2001,
  author = {Claypool, Mark and Le, Phong and Waseda, Makoto and Brown, David},
  title = {Implicit Interest Indicators},
  booktitle = {ACM Intelligent User Interfaces Conference (IUI)},
  year = {2001}
}

@ARTICLE{schulz2002,
    author = {Klaus Schulz and Stoyan Mihov},
    title = {Fast String Correction with Levenshtein-Automata},
    journal = {INTERNATIONAL JOURNAL OF DOCUMENT ANALYSIS AND RECOGNITION},
    year = {2002},
    volume = {5},
    pages = {67--85}
}

@Book{automata2003,
  title = {{Introduction to automata theory, languages, and computation}},
  publisher = {Pearson/Addison-Wesley},
  year = {2003},
  author = {Hopcroft, John and Motwani, Rajeev and Ullman, Jeffrey}
}

@INPROCEEDINGS{Baeza-Yates96aunified,
    author = {Baeza-Yates, Ricardo},
    title = {A Unified View to String Matching Algorithms},
    booktitle = {IN PROC. THEORY AND PRACTICE OF INFORMATICS (SOFSEM'96), LNCS 1175},
    year = {1996},
    pages = {1--15},
    publisher = {Springer Verlag }
}
@MISC{sarwar2001,
  author = {Sarwar, Badrul and Karypis, George and Konstan, Joseph and Riedl, John},
  title = {Item-Based Collaborative Filtering Recommendation Algorithms},
  year = {2001}
}

@ARTICLE{amazon2003,
  author = {Linden, Greg and Smith, Brent and York, Jeremy},
  title = {Amazon.com Recommendations Item-to-Item Collaborative Filtering},
  journal = {IEEE INTERNET COMPUTING},
  year = {2003}
}

@ARTICLE{deerwester1990,
  author = {Deerwester, Scott and Dumais, Susan T. and Furnas, George W. and Landauer, Thomas K. and Harshman, Richard },
  title = {Indexing by Latent Semantic Analysis},
  journal = {JOURNAL OF THE AMERICAN SOCIETY FOR INFORMATION SCIENCE.},
  year = {1990}
}

@ARTICLE{historyOfSVD,
  author = {G. W. Stewart},
  title = {On the Early History of the Singular Value Decomposition},
  journal = {SIAM Review},
  year = {1993}
}

@book{numericalLinearAlgebra,
  title={Numerical Linear Algebra},
  author={Allaire, G. and Kaber, S.M.},
  isbn={9780387689180},
  lccn={2007939527},
  series={Texts in applied mathematics},
  url={http://books.google.de/books?id=PlUWqQzY-4EC},
  year={2008},
  publisher={Springer-Verlag New York}
}

@Book{matrixAlgorithms,
  title = {Matrix algorithms: Volume 1, Basic decompositions},
  publisher = {Society for Industrial and Applied Mathematics},
  year = {1998},
  author = {Stewart, Gilbert W.}
}

@ARTICLE{Herlocker04evaluatingcollaborative,
    author = {Jonathan L. Herlocker and Joseph A. Konstan and Loren G. Terveen and John and T. Riedl},
    title = {Evaluating collaborative filtering recommender systems},
    journal = {ACM Transactions on Information Systems},
    year = {2004},
    volume = {22},
    pages = {5--53}
}

@MISC{wikiCosineSimilarity,
  author = {Cosine Similarity --- {W}ikipedia{,} The Free Encyclopedia},
  title = {Cosine Similarity},
  url = {http://en.wikipedia.org/wiki/Cosine_similarity},
  note = "[Online; accessed 27-March-2013 at 10:24]",
  year = "2013",
}

@misc{wiki:lorem,
   author = "Wikipedia",
   title = "Lorem ipsum --- {W}ikipedia{,} The Free Encyclopedia",
   year = "2013",
   url = "http://en.wikipedia.org/wiki/Lorem_ipsum",
   note = "[Online; accessed 03-June-2013 at 15:34]"
 }

@MISC{wiki:levenshteinDistance,
  author = {Levenshtein Distance --- {W}ikipedia{,} The Free Encyclopedia},
  title = {Levenshtein distance},
  url = {http://en.wikipedia.org/wiki/Levenshtein_distance},
  note = "[Online; accessed 11-June-2013 at 12:43]",
  year = "2013",
}

@MISC{wiki:scala,
  author = {Scala Programming Language --- {W}ikipedia{,} The Free Encyclopedia},
  title = {Scala Programming Language distance},
  url = {http://en.wikipedia.org/wiki/Scala_(programming_language)#Companies},
  note = "[Online; accessed 11-June-2013 at 17:53]",
  year = "2013",
}

@misc{benchmark2010,
  title = {Benchmarking triple stores with biological data},
  author = {Mironov, Vladimir and Seethappan, Nirmala and Blond\'{e}, Ward and Antezana, Erick and Lindi, Bjorn and Kuiper, Martin},
  year = {2010}
}

@inproceedings{codeBenchmark,
title = {Loop Recognition in C++/Java/Go/Scala},
author  = {Robert Hundt},
year  = 2011,
URL = {https://days2011.scala-lang.org/sites/days2011/files/ws3-1-Hundt.pdf},
booktitle = {Proceedings of Scala Days 2011}
}

@INPROCEEDINGS{Nichols98implicitrating,
    author = {David M. Nichols},
    title = {Implicit rating and filtering},
    booktitle = {In Proceedings of the Fifth DELOS Workshop on Filtering and Collaborative Filtering},
    year = {1998},
    pages = {31--36}
}

@inproceedings{Liu:2010:PNR:1719970.1719976,
 author = {Liu, Jiahui and Dolan, Peter and Pedersen, Elin R{\o}nby},
 title = {Personalized news recommendation based on click behavior},
 booktitle = {Proceedings of the 15th international conference on Intelligent user interfaces},
 series = {IUI '10},
 year = {2010},
 isbn = {978-1-60558-515-4},
 location = {Hong Kong, China},
 pages = {31--40},
 numpages = {10},
 url = {http://doi.acm.org/10.1145/1719970.1719976},
 doi = {10.1145/1719970.1719976},
 acmid = {1719976},
 publisher = {ACM},
 address = {New York, NY, USA},
 keywords = {news trend, personalization, user modeling},
} 

@inproceedings{Karatzoglou:2010uq, 
  author = {Alexandros Karatzoglou and Alex Smola and Markus Weimer}, 
  Booktitle = {Proceedings of the Thirteenth International Conference on Artificial Intelligence and Statistics}, 
  Date-Added = {2010-05-26 13:25:59 -0700}, 
  Date-Modified = {2011-10-09 17:30:31 +0000}, 
  Editor = {Yee Whye Teh and Mike Titterington}, 
  Keywords = {myown}, 
  Pages = {389-396}, 
  Title = {Collaborative Filtering on a Budget}, 
  Url = {http://cs.markusweimer.com/2010/05/12/collaborative-filtering-on-a-budget/}, 
  Volume = {9}, 
  Year = {2010}, 
  Bdsk-Url-1 = {http://jmlr.csail.mit.edu/proceedings/papers/v9/karatzoglou10a/karatzoglou10a.pdf} 
}

@article{Cacheda:2011:CCF:1921591.1921593,
 author = {Cacheda, Fidel and Carneiro, V\'{\i}ctor and Fern\'{a}ndez, Diego and Formoso, Vreixo},
 title = {Comparison of collaborative filtering algorithms: Limitations of current techniques and proposals for scalable, high-performance recommender systems},
 journal = {ACM Trans. Web},
 issue_date = {February 2011},
 volume = {5},
 number = {1},
 month = feb,
 year = {2011},
 issn = {1559-1131},
 pages = {2:1--2:33},
 articleno = {2},
 numpages = {33},
 url = {http://doi.acm.org/10.1145/1921591.1921593},
 doi = {10.1145/1921591.1921593},
 acmid = {1921593},
 publisher = {ACM},
 address = {New York, NY, USA},
 keywords = {Collaborative filtering, recommender systems},
} 

@article{Koren:2009:MFT:1608565.1608614,
 author = {Koren, Yehuda and Bell, Robert and Volinsky, Chris},
 title = {Matrix Factorization Techniques for Recommender Systems},
 journal = {Computer},
 issue_date = {August 2009},
 volume = {42},
 number = {8},
 month = aug,
 year = {2009},
 issn = {0018-9162},
 pages = {30--37},
 numpages = {8},
 url = {http://dx.doi.org/10.1109/MC.2009.263},
 doi = {10.1109/MC.2009.263},
 acmid = {1608614},
 publisher = {IEEE Computer Society Press},
 address = {Los Alamitos, CA, USA},
 keywords = {Computational intelligence, Computational intelligence, Netflix Prize, Matrix factorization, Matrix factorization, Netflix Prize},
} 

@article{Navarro:2001:GTA:375360.375365,
 author = {Navarro, Gonzalo},
 title = {A guided tour to approximate string matching},
 journal = {ACM Comput. Surv.},
 issue_date = {March 2001},
 volume = {33},
 number = {1},
 month = mar,
 year = {2001},
 issn = {0360-0300},
 pages = {31--88},
 numpages = {58},
 url = {http://doi.acm.org/10.1145/375360.375365},
 doi = {10.1145/375360.375365},
 acmid = {375365},
 publisher = {ACM},
 address = {New York, NY, USA},
 keywords = {Levenshtein distance, edit distance, online string matching, text searching allowing errors},
} 

@MISC{Mihov04fastapproximate,
    author = {Stoyan Mihov and Klaus U. Schulz},
    title = {Fast Approximate Search in Large Dictionaries},
    year = {2004}
}

@inproceedings{Joachims:2005:AIC:1076034.1076063,
 author = {Joachims, Thorsten and Granka, Laura and Pan, Bing and Hembrooke, Helene and Gay, Geri},
 title = {Accurately interpreting clickthrough data as implicit feedback},
 booktitle = {Proceedings of the 28th annual international ACM SIGIR conference on Research and development in information retrieval},
 series = {SIGIR '05},
 year = {2005},
 isbn = {1-59593-034-5},
 location = {Salvador, Brazil},
 pages = {154--161},
 numpages = {8},
 url = {http://doi.acm.org/10.1145/1076034.1076063},
 doi = {10.1145/1076034.1076063},
 acmid = {1076063},
 publisher = {ACM},
 address = {New York, NY, USA},
 keywords = {WWW search, clickthrough, eyetracking, implicit feedback},
} 

@MISC{germanStemming,
  author = {Caumanns J\"org},
  year = {1999},
  title = {A Fast and Simple Stemming Algorithm for German Words},
  address = {Center für Digitale Systeme, Freie Universität Berlin}
}

@INPROCEEDINGS{Sarwar02incrementalsingular,
    author = {Badrul Sarwar and George Karypis and Joseph Konstan and John Riedl},
    title = {Incremental Singular Value Decomposition Algorithms for Highly Scalable Recommender Systems},
    booktitle = {Fifth International Conference on Computer and Information Science},
    year = {2002},
    pages = {27--28}
}

@book{englishLinguistics,
 author={Kortmann, Bernd},
 title={English linguistics - essentials},
 edition={English ed., 1. Aufl., 5. Druck},
 address={Berlin},
 publisher={Cornelsen},
 year={2011},
 isbn={978-3-464-31162-2},
 series={Studium kompakt : Anglistik - Amerikanistik ; System use},
 note={Nebensacht.: Linguistics - essentials},
 language={eng},
 keywords={(s)Anglistik / (s)Linguistik / (f)Lehrbuch ; (s)Amerikanistik / (s)Linguistik / (f)Lehrbuch},
 library={UB [Signatur:LA-I 22-22167::(N)]},
}

@book{thiessen2009pluralbildung,
  title={Die Pluralbildung Im Deutschen: Eine Untersuchung an Hand Der Optimalit{\"a}tstheorie},
  author={Thie{\ss}en, E.},
  isbn={9783640439096},
  url={http://books.google.de/books?id=S4FjEHuR2mkC},
  year={2009},
  publisher={GRIN Verlag}
}
